<record><leader>00000cas a2200000 a 4500</leader><controlfield tag="001">11377702</controlfield><controlfield tag="008">841113d18951911ksuwr ne      0   a0eng d</controlfield><datafield ind1=" " ind2=" " tag="010"><subfield code="a">sn 84030017 </subfield></datafield><datafield ind1=" " ind2=" " tag="040"><subfield code="a">KSH</subfield><subfield code="b">eng</subfield><subfield code="c">KSH</subfield><subfield code="d">NPT</subfield><subfield code="d">OCL</subfield><subfield code="d">OCLCQ</subfield></datafield><datafield ind1=" " ind2=" " tag="042"><subfield code="a">msc</subfield></datafield><datafield ind1="0" ind2="4" tag="245"><subfield code="a">The People's reveille.</subfield></datafield><datafield ind1="1" ind2="3" tag="246"><subfield code="a">People's reveille and Graham County recorder</subfield><subfield code="f">Mar. 1-Aug. 17, 1905</subfield></datafield><datafield ind1=" " ind2=" " tag="260"><subfield code="a">Hill City, Kan. :</subfield><subfield code="b">Inlow &amp; Emmons,</subfield><subfield code="c">1895-1911.</subfield></datafield><datafield ind1=" " ind2=" " tag="300"><subfield code="a">16 v. :</subfield><subfield code="b">ill. ;</subfield><subfield code="c">50 cm.</subfield></datafield><datafield ind1=" " ind2=" " tag="310"><subfield code="a">Weekly</subfield></datafield><datafield ind1="0" ind2=" " tag="362"><subfield code="a">Vol. 11, no. 42 (Apr. 18, 1895)-v. 27, no. 31 (Jan. 5, 1911).</subfield></datafield><datafield ind1=" " ind2=" " tag="500"><subfield code="a">Publisher varies.</subfield></datafield><datafield ind1=" " ind2=" " tag="500"><subfield code="a">"As nearly independent as a newspaper can be," Mar. 2, 1905-</subfield></datafield><datafield ind1=" " ind2=" " tag="525"><subfield code="a">Some issues have supplements.</subfield></datafield><datafield ind1=" " ind2=" " tag="752"><subfield code="a">United States</subfield><subfield code="b">Kansas</subfield><subfield code="c">Graham</subfield><subfield code="d">Hill City.</subfield></datafield><datafield ind1="0" ind2="4" tag="780"><subfield code="t">People's advocate (Hill City, Kan.)</subfield><subfield code="w">(DLC)sn 84030012</subfield></datafield><datafield ind1="0" ind2="4" tag="780"><subfield code="t">Hill City reveille</subfield><subfield code="w">(DLC)sn 84030016</subfield></datafield><datafield ind1="0" ind2="5" tag="780"><subfield code="t">Graham County recorder</subfield><subfield code="g">Mar. 1, 1905</subfield><subfield code="w">(DLC)sn 84030020</subfield></datafield><datafield ind1="0" ind2="7" tag="785"><subfield code="t">Hill City new era</subfield><subfield code="w">(DLC)sn 84030011</subfield></datafield><datafield ind1="0" ind2="7" tag="785"><subfield code="t">Reveille-new era</subfield><subfield code="w">(DLC)sn 84030018</subfield></datafield></record>